@online{ref_url1,
	title = {Service Computing Department Homepage},
	date = {4 Oct 2017},
	url = {https://www.iaas.uni-stuttgart.de/en/department-service-computing/},
}