@online{pi3,
	title = {Raspberry Pi 3 Modell B Plus },
	url = {https://www.raspberrypi.org/products/raspberry-pi-3-model-b-plus/},
}

@online{th_sensor,
	title = {Temperature and humidity sensor},
	url = {https://www.amazon.de/gp/product/B07L83K6CF/},
}

@online{th_data,
	title = {Technique data of temperature and humidity sensor},
	url = {https://components101.com/dht11-temperature-sensor},
}

@online{th_tutorial,
	title = {Tutorial of temperature and humidity sensor},
	url = {https://tutorials-raspberrypi.de/raspberry-pi-luftfeuchtigkeit-temperatur-messen-dht11-dht22/},
}

@online{l_sensor,
	title = {Light sensor},
	url = {https://www.amazon.de/gp/product/B01LX0ZQHL/},
}

@online{l_tutorial,
	title = {Tutorial of light sensor},
	url = {https://pimylifeup.com/raspberry-pi-light-sensor/},
}

@online{m_actuator ,
	title = {Servo motor},
	url = {https://www.amazon.de/gp/product/B07CYZSVKW/},
}

@online{m_tutorial,
	title = {Tutorial of servo motor},
	url = {https://pimylifeup.com/raspberry-pi-light-sensor/},
}


@online{led_tutorial,
	title = {Tutorial of LED},
	url = {https://www.elektronik-kompendium.de/sites/raspberry-pi/2102181.htm},
}