@online{pi3,
	title = {Raspberry Pi 3 Modell B Plus },
	url = {https://www.raspberrypi.org/products/raspberry-pi-3-model-b-plus/},
}

@online{th_sensor,
	title = {Temperature and humidity sensor},
	url = {https://www.amazon.de/gp/product/B07L83K6CF/},
}

@online{th_data,
	title = {Technique data of temperature and humidity sensor},
	url = {https://components101.com/dht11-temperature-sensor},
}

@online{th_tutorial,
	title = {Tutorial of temperature and humidity sensor},
	url = {https://tutorials-raspberrypi.de/raspberry-pi-luftfeuchtigkeit-temperatur-messen-dht11-dht22/},
}

@online{l_sensor,
	title = {Light sensor},
	url = {https://www.amazon.de/gp/product/B01LX0ZQHL/},
}

@online{l_tutorial,
	title = {Tutorial of light sensor},
	url = {https://pimylifeup.com/raspberry-pi-light-sensor/},
}

@online{m_actuator ,
	title = {Servo motor},
	url = {https://www.amazon.de/gp/product/B07CYZSVKW/},
}

@online{m_tutorial,
	title = {Tutorial of servo motor},
	url = {https://pimylifeup.com/raspberry-pi-light-sensor/},
}


@online{led_tutorial,
	title = {Tutorial of LED},
	url = {https://www.elektronik-kompendium.de/sites/raspberry-pi/2102181.htm},
}

@online{ref_url1,
	title = {Service Computing Department Homepage},
	date = {4 Oct 2017},
	url = {https://www.iaas.uni-stuttgart.de/en/department-service-computing/},
}

@misc{solverpl71:online,
author = {},
title = {solver.planning.domains},
howpublished = {\url{http://solver.planning.domains/}},
month = {},
year = {},
note = {(Accessed on 07/12/2020)}
}

@misc{AzureFun50:online,
author = {},
title = {Azure Functions â€“ serverloses Computing | Microsoft Azure},
howpublished = {\url{https://azure.microsoft.com/de-de/services/functions/}},
month = {},
year = {},
note = {(Accessed on 07/12/2020)}
}

@online{WebAppDi86:online,
	author = {},
	title = {Web-App-Dienst | Microsoft Azure},
	url = {https://azure.microsoft.com/de-de/services/app-service/web/},
	month = {},
	year = {},
	urldate = {07/12/2020}
}

@online{APIRefer59:online,
	author = {},
	title = {API Reference  |  Calendar API  |  Google Developers},
	url = {https://developers.google.com/calendar/v3/reference},
	month = {},
	year = {},
	urldate = {07/12/2020}
}